%YAML 1.1
%TAG !u! tag:unity3d.com,2011:
--- !u!1001 &8435141339537288195
PrefabInstance:
  m_ObjectHideFlags: 0
  serializedVersion: 2
  m_Modification:
    serializedVersion: 3
    m_TransformParent: {fileID: 0}
    m_Modifications:
    - target: {fileID: -8679921383154817045, guid: 8bbd757e92a13f6468c41787dcde760b,
        type: 3}
      propertyPath: m_LocalScale.x
      value: 5
      objectReference: {fileID: 0}
    - target: {fileID: -8679921383154817045, guid: 8bbd757e92a13f6468c41787dcde760b,
        type: 3}
      propertyPath: m_LocalScale.y
      value: 5
      objectReference: {fileID: 0}
    - target: {fileID: -8679921383154817045, guid: 8bbd757e92a13f6468c41787dcde760b,
        type: 3}
      propertyPath: m_LocalScale.z
      value: 5
      objectReference: {fileID: 0}
    - target: {fileID: -8679921383154817045, guid: 8bbd757e92a13f6468c41787dcde760b,
        type: 3}
      propertyPath: m_LocalPosition.x
      value: 52.9
      objectReference: {fileID: 0}
    - target: {fileID: -8679921383154817045, guid: 8bbd757e92a13f6468c41787dcde760b,
        type: 3}
      propertyPath: m_LocalPosition.y
      value: 17.3
      objectReference: {fileID: 0}
    - target: {fileID: -8679921383154817045, guid: 8bbd757e92a13f6468c41787dcde760b,
        type: 3}
      propertyPath: m_LocalPosition.z
      value: -60
      objectReference: {fileID: 0}
    - target: {fileID: -8679921383154817045, guid: 8bbd757e92a13f6468c41787dcde760b,
        type: 3}
      propertyPath: m_LocalRotation.w
      value: 1
      objectReference: {fileID: 0}
    - target: {fileID: -8679921383154817045, guid: 8bbd757e92a13f6468c41787dcde760b,
        type: 3}
      propertyPath: m_LocalRotation.x
      value: -0
      objectReference: {fileID: 0}
    - target: {fileID: -8679921383154817045, guid: 8bbd757e92a13f6468c41787dcde760b,
        type: 3}
      propertyPath: m_LocalRotation.y
      value: -0
      objectReference: {fileID: 0}
    - target: {fileID: -8679921383154817045, guid: 8bbd757e92a13f6468c41787dcde760b,
        type: 3}
      propertyPath: m_LocalRotation.z
      value: -0
      objectReference: {fileID: 0}
    - target: {fileID: -8679921383154817045, guid: 8bbd757e92a13f6468c41787dcde760b,
        type: 3}
      propertyPath: m_LocalEulerAnglesHint.x
      value: 0
      objectReference: {fileID: 0}
    - target: {fileID: -8679921383154817045, guid: 8bbd757e92a13f6468c41787dcde760b,
        type: 3}
      propertyPath: m_LocalEulerAnglesHint.y
      value: 0
      objectReference: {fileID: 0}
    - target: {fileID: -8679921383154817045, guid: 8bbd757e92a13f6468c41787dcde760b,
        type: 3}
      propertyPath: m_LocalEulerAnglesHint.z
      value: 0
      objectReference: {fileID: 0}
    - target: {fileID: -8679921383154817045, guid: 8bbd757e92a13f6468c41787dcde760b,
        type: 3}
      propertyPath: m_ConstrainProportionsScale
      value: 1
      objectReference: {fileID: 0}
    - target: {fileID: -7867363975283247898, guid: 8bbd757e92a13f6468c41787dcde760b,
        type: 3}
      propertyPath: m_LocalRotation.w
      value: 1
      objectReference: {fileID: 0}
    - target: {fileID: -7867363975283247898, guid: 8bbd757e92a13f6468c41787dcde760b,
        type: 3}
      propertyPath: m_LocalRotation.x
      value: 0
      objectReference: {fileID: 0}
    - target: {fileID: -7867363975283247898, guid: 8bbd757e92a13f6468c41787dcde760b,
        type: 3}
      propertyPath: m_LocalRotation.y
      value: 0
      objectReference: {fileID: 0}
    - target: {fileID: -7867363975283247898, guid: 8bbd757e92a13f6468c41787dcde760b,
        type: 3}
      propertyPath: m_LocalRotation.z
      value: 0
      objectReference: {fileID: 0}
    - target: {fileID: -7867363975283247898, guid: 8bbd757e92a13f6468c41787dcde760b,
        type: 3}
      propertyPath: m_LocalEulerAnglesHint.x
      value: 0
      objectReference: {fileID: 0}
    - target: {fileID: -7867363975283247898, guid: 8bbd757e92a13f6468c41787dcde760b,
        type: 3}
      propertyPath: m_LocalEulerAnglesHint.y
      value: 0
      objectReference: {fileID: 0}
    - target: {fileID: -7867363975283247898, guid: 8bbd757e92a13f6468c41787dcde760b,
        type: 3}
      propertyPath: m_LocalEulerAnglesHint.z
      value: 0
      objectReference: {fileID: 0}
    - target: {fileID: -5371266785095924152, guid: 8bbd757e92a13f6468c41787dcde760b,
        type: 3}
      propertyPath: m_LocalPosition.y
      value: -0
      objectReference: {fileID: 0}
    - target: {fileID: -5371266785095924152, guid: 8bbd757e92a13f6468c41787dcde760b,
        type: 3}
      propertyPath: m_LocalPosition.z
      value: 0.54
      objectReference: {fileID: 0}
    - target: {fileID: -693588491389156407, guid: 8bbd757e92a13f6468c41787dcde760b,
        type: 3}
      propertyPath: m_LocalRotation.w
      value: 1
      objectReference: {fileID: 0}
    - target: {fileID: -693588491389156407, guid: 8bbd757e92a13f6468c41787dcde760b,
        type: 3}
      propertyPath: m_LocalRotation.x
      value: 0
      objectReference: {fileID: 0}
    - target: {fileID: -693588491389156407, guid: 8bbd757e92a13f6468c41787dcde760b,
        type: 3}
      propertyPath: m_LocalRotation.y
      value: 0
      objectReference: {fileID: 0}
    - target: {fileID: -693588491389156407, guid: 8bbd757e92a13f6468c41787dcde760b,
        type: 3}
      propertyPath: m_LocalRotation.z
      value: 0
      objectReference: {fileID: 0}
    - target: {fileID: -693588491389156407, guid: 8bbd757e92a13f6468c41787dcde760b,
        type: 3}
      propertyPath: m_LocalEulerAnglesHint.y
      value: 0
      objectReference: {fileID: 0}
    - target: {fileID: 919132149155446097, guid: 8bbd757e92a13f6468c41787dcde760b,
        type: 3}
      propertyPath: m_Name
      value: SamTurretV3 Variant
      objectReference: {fileID: 0}
    - target: {fileID: 4306643203051859313, guid: 8bbd757e92a13f6468c41787dcde760b,
        type: 3}
      propertyPath: m_LocalPosition.x
      value: -17.15
      objectReference: {fileID: 0}
    - target: {fileID: 4306643203051859313, guid: 8bbd757e92a13f6468c41787dcde760b,
        type: 3}
      propertyPath: m_LocalPosition.y
      value: -3.69
      objectReference: {fileID: 0}
    - target: {fileID: 5283370380969455321, guid: 8bbd757e92a13f6468c41787dcde760b,
        type: 3}
      propertyPath: m_LocalRotation.w
      value: 0.9621848
      objectReference: {fileID: 0}
    - target: {fileID: 5283370380969455321, guid: 8bbd757e92a13f6468c41787dcde760b,
        type: 3}
      propertyPath: m_LocalRotation.x
      value: 0.000000074505806
      objectReference: {fileID: 0}
    - target: {fileID: 5283370380969455321, guid: 8bbd757e92a13f6468c41787dcde760b,
        type: 3}
      propertyPath: m_LocalRotation.y
      value: -0.2723976
      objectReference: {fileID: 0}
    - target: {fileID: 5283370380969455321, guid: 8bbd757e92a13f6468c41787dcde760b,
        type: 3}
      propertyPath: m_LocalRotation.z
      value: -0.00000008940697
      objectReference: {fileID: 0}
    - target: {fileID: 5283370380969455321, guid: 8bbd757e92a13f6468c41787dcde760b,
        type: 3}
      propertyPath: m_LocalEulerAnglesHint.y
      value: -31.614
      objectReference: {fileID: 0}
    - target: {fileID: 9153165026590495274, guid: 8bbd757e92a13f6468c41787dcde760b,
        type: 3}
      propertyPath: 'm_Materials.Array.data[1]'
      value: 
      objectReference: {fileID: 2100000, guid: e79694bfd59a60c45b0d3716e810542d, type: 2}
    m_RemovedComponents: []
    m_RemovedGameObjects: []
    m_AddedGameObjects: []
    m_AddedComponents:
    - targetCorrespondingSourceObject: {fileID: 919132149155446097, guid: 8bbd757e92a13f6468c41787dcde760b,
        type: 3}
      insertIndex: -1
      addedObject: {fileID: 8087239102968101224}
    - targetCorrespondingSourceObject: {fileID: 919132149155446097, guid: 8bbd757e92a13f6468c41787dcde760b,
        type: 3}
      insertIndex: -1
      addedObject: {fileID: -7088721414303472053}
  m_SourcePrefab: {fileID: 100100000, guid: 8bbd757e92a13f6468c41787dcde760b, type: 3}
--- !u!4 &335818076864687929 stripped
Transform:
  m_CorrespondingSourceObject: {fileID: 8189431544226087738, guid: 8bbd757e92a13f6468c41787dcde760b,
    type: 3}
  m_PrefabInstance: {fileID: 8435141339537288195}
  m_PrefabAsset: {fileID: 0}
--- !u!4 &1584520207437573826 stripped
Transform:
  m_CorrespondingSourceObject: {fileID: 6985924013741277889, guid: 8bbd757e92a13f6468c41787dcde760b,
    type: 3}
  m_PrefabInstance: {fileID: 8435141339537288195}
  m_PrefabAsset: {fileID: 0}
--- !u!4 &3660738476023788880 stripped
Transform:
  m_CorrespondingSourceObject: {fileID: 5170741935359760723, guid: 8bbd757e92a13f6468c41787dcde760b,
    type: 3}
  m_PrefabInstance: {fileID: 8435141339537288195}
  m_PrefabAsset: {fileID: 0}
--- !u!4 &4349889023126536922 stripped
Transform:
  m_CorrespondingSourceObject: {fileID: 5283370380969455321, guid: 8bbd757e92a13f6468c41787dcde760b,
    type: 3}
  m_PrefabInstance: {fileID: 8435141339537288195}
  m_PrefabAsset: {fileID: 0}
--- !u!4 &4646247011813026379 stripped
Transform:
  m_CorrespondingSourceObject: {fileID: -5371266785095924152, guid: 8bbd757e92a13f6468c41787dcde760b,
    type: 3}
  m_PrefabInstance: {fileID: 8435141339537288195}
  m_PrefabAsset: {fileID: 0}
--- !u!4 &4650692165614918563 stripped
Transform:
  m_CorrespondingSourceObject: {fileID: -5366822112185124960, guid: 8bbd757e92a13f6468c41787dcde760b,
    type: 3}
  m_PrefabInstance: {fileID: 8435141339537288195}
  m_PrefabAsset: {fileID: 0}
--- !u!4 &5474254193520867292 stripped
Transform:
  m_CorrespondingSourceObject: {fileID: 4537325445784656863, guid: 8bbd757e92a13f6468c41787dcde760b,
    type: 3}
  m_PrefabInstance: {fileID: 8435141339537288195}
  m_PrefabAsset: {fileID: 0}
--- !u!4 &6698260105049024308 stripped
Transform:
  m_CorrespondingSourceObject: {fileID: 3024910733101697847, guid: 8bbd757e92a13f6468c41787dcde760b,
    type: 3}
  m_PrefabInstance: {fileID: 8435141339537288195}
  m_PrefabAsset: {fileID: 0}
--- !u!4 &7484461956093204709 stripped
Transform:
  m_CorrespondingSourceObject: {fileID: -7867363975283247898, guid: 8bbd757e92a13f6468c41787dcde760b,
    type: 3}
  m_PrefabInstance: {fileID: 8435141339537288195}
  m_PrefabAsset: {fileID: 0}
--- !u!4 &7964000562454354726 stripped
Transform:
  m_CorrespondingSourceObject: {fileID: 1984526173741217573, guid: 8bbd757e92a13f6468c41787dcde760b,
    type: 3}
  m_PrefabInstance: {fileID: 8435141339537288195}
  m_PrefabAsset: {fileID: 0}
--- !u!1 &8777178718550888786 stripped
GameObject:
  m_CorrespondingSourceObject: {fileID: 919132149155446097, guid: 8bbd757e92a13f6468c41787dcde760b,
    type: 3}
  m_PrefabInstance: {fileID: 8435141339537288195}
  m_PrefabAsset: {fileID: 0}
--- !u!114 &8087239102968101224
MonoBehaviour:
  m_ObjectHideFlags: 0
  m_CorrespondingSourceObject: {fileID: 0}
  m_PrefabInstance: {fileID: 0}
  m_PrefabAsset: {fileID: 0}
  m_GameObject: {fileID: 8777178718550888786}
  m_Enabled: 1
  m_EditorHideFlags: 0
  m_Script: {fileID: 11500000, guid: b1934dc8b3bebd04c90d427f1023de84, type: 3}
  m_Name: 
  m_EditorClassIdentifier: 
  guns: {fileID: 4349889023126536922}
  base: {fileID: 7484461956093204709}
  rocket: {fileID: 3364773457477293067, guid: a05b5e4ea7c510f47abea373ea4aceb4, type: 3}
  chambers:
  - {fileID: 4650692165614918563}
  - {fileID: 335818076864687929}
  - {fileID: 1584520207437573826}
  - {fileID: 3660738476023788880}
  - {fileID: 6698260105049024308}
  - {fileID: 9078180095290127850}
  - {fileID: 7964000562454354726}
  - {fileID: 5474254193520867292}
  shoot: 0
  rotateSpeed: 50
  radarRotateSpeed: 500
  radar: {fileID: 4646247011813026379}
  samTurretIndicator: {fileID: 2100000, guid: e79694bfd59a60c45b0d3716e810542d, type: 2}
  particlePrefab: {fileID: 3740147981419917548, guid: 0d8ab275cff44e848a3d2479365358e1,
    type: 3}
  fireFrequency: 4
  takenDamage: 5
  explosion: {fileID: 0}
  bulletImpact: {fileID: 0}
  target: {fileID: 0}
  health: 100
  destroyed: 0
--- !u!114 &-7088721414303472053
MonoBehaviour:
  m_ObjectHideFlags: 0
  m_CorrespondingSourceObject: {fileID: 0}
  m_PrefabInstance: {fileID: 0}
  m_PrefabAsset: {fileID: 0}
  m_GameObject: {fileID: 8777178718550888786}
  m_Enabled: 1
  m_EditorHideFlags: 0
  m_Script: {fileID: 11500000, guid: d5a57f767e5e46a458fc5d3c628d0cbb, type: 3}
  m_Name: 
  m_EditorClassIdentifier: 
  GlobalObjectIdHash: 951099334
  AlwaysReplicateAsRoot: 0
  SynchronizeTransform: 1
  ActiveSceneSynchronization: 0
  SceneMigrationSynchronization: 1
  SpawnWithObservers: 1
  DontDestroyWithOwner: 0
  AutoObjectParentSync: 1
--- !u!4 &9078180095290127850 stripped
Transform:
  m_CorrespondingSourceObject: {fileID: -8578362327955465751, guid: 8bbd757e92a13f6468c41787dcde760b,
    type: 3}
  m_PrefabInstance: {fileID: 8435141339537288195}
  m_PrefabAsset: {fileID: 0}
